
@misc{digest_natures_????,
	title = {Nature's Flyers},
	url = {https://jhupbooks.press.jhu.edu/content/natures-flyers},
	urldate = {2014-10-16},
	author = {Digest, -Biology},
	file = {Snapshot:/home/tfaria/.mozilla/firefox/v0zin0d7.default/zotero/storage/XENX27NP/natures-flyers.html:text/html}
}