
@article{berg_bacteria_1973,
	title = {Bacteria Swim by Rotating their Flagellar Filaments},
	volume = {245},
	copyright = {Â© 1973 Nature Publishing Group},
	url = {http://www.nature.com/nature/journal/v245/n5425/abs/245380a0.html},
	doi = {10.1038/245380a0},
	language = {en},
	number = {5425},
	urldate = {2014-10-16},
	journal = {Nature},
	author = {Berg, Howard C. and Anderson, Robert A.},
	month = oct,
	year = {1973},
	pages = {380--382},
	file = {Snapshot:/home/tfaria/.mozilla/firefox/v0zin0d7.default/zotero/storage/V96JK67X/245380a0.html:text/html}
}