
@article{blum_biophysics_1973,
	title = {Biophysics of Flagellar Motility},
	volume = {2},
	url = {http://dx.doi.org/10.1146/annurev.bb.02.060173.001145},
	doi = {10.1146/annurev.bb.02.060173.001145},
	number = {1},
	urldate = {2014-10-17},
	journal = {Annual Review of Biophysics and Bioengineering},
	author = {Blum, J J and Lubliner, J},
	year = {1973},
	pmid = {4270528},
	pages = {181--219}
}