
@book{childress_mechanics_1981,
	address = {Cambridge},
	title = {Mechanics of Swimming and Flying},
	isbn = {9780511569593, 9780521236133, 9780521280716},
	url = {http://ebooks.cambridge.org/ebook.jsf?bid=CBO9780511569593},
	urldate = {2014-10-15},
	publisher = {Cambridge University Press},
	author = {Childress, Stephen},
	year = {1981},
	file = {Mechanics of Swimming and Flying - Cambridge Books Online - Cambridge University Press:/home/tfaria/.mozilla/firefox/v0zin0d7.default/zotero/storage/RU8UIRK3/ebook.html:text/html}
}