
@article{fauci_biofluidmechanics_2006,
	title = {Biofluidmechanics of reproduction},
	volume = {38},
	url = {http://www.annualreviews.org/doi/abs/10.1146/annurev.fluid.37.061903.175725},
	urldate = {2014-10-15},
	journal = {Annu. Rev. Fluid Mech.},
	author = {Fauci, Lisa J. and Dillon, Robert},
	year = {2006},
	pages = {371--394},
	file = {Fauci and Dillon - 2006 - Biofluidmechanics of reproduction.pdf:/home/tfaria/.mozilla/firefox/v0zin0d7.default/zotero/storage/BUMMU28C/Fauci and Dillon - 2006 - Biofluidmechanics of reproduction.pdf:application/pdf}
}