
@article{gingold_binary_1978,
	title = {Binary fission in damped rotating polytropes},
	url = {http://inis.iaea.org/Search/search.aspx?orig_q=RN:9413122},
	urldate = {2014-09-23},
	author = {Gingold, R. A. and Monaghan, J. J.},
	year = {1978},
	file = {Snapshot:/home/tfaria/.mozilla/firefox/v0zin0d7.default/zotero/storage/FPVGQ67K/search.html:text/html}
}