
@article{r._a._gingold_roche_1980,
	title = {The Roche problem for polytropes in central orbits},
	volume = {191},
	issn = {0035-8711},
	journal = {Monthly Notices of the Royal Astronomical Society},
	author = {R. A. Gingold, J. J. Monaghan},
	year = {1980},
	pages = {897--924},
	file = {The Roche problem for polytropes in central orbits - ResearchGate:/home/tfaria/.mozilla/firefox/v0zin0d7.default/zotero/storage/CBTZT8FN/234278830_The_Roche_problem_for_polytropes_in_central_orbits.html:text/html}
}