
@article{jayne_swimming_1985,
	title = {Swimming in Constricting (Elaphe g. guttata) and Nonconstricting (Nerodia fasciata pictiventris) Colubrid Snakes},
	volume = {1985},
	issn = {00458511},
	url = {http://www.jstor.org/discover/10.2307/1444809?uid=3737864&uid=2129&uid=2&uid=70&uid=4&sid=21104566914057},
	doi = {10.2307/1444809},
	number = {1},
	urldate = {2014-08-28},
	journal = {Copeia},
	author = {Jayne, Bruce C.},
	month = feb,
	year = {1985},
	keywords = {snake},
	pages = {195},
	file = {Jayne - 1985 - Swimming in Constricting (Elaphe g. guttata) and N.pdf:/home/tfaria/.mozilla/firefox/v0zin0d7.default/zotero/storage/6ZTP87BK/Jayne - 1985 - Swimming in Constricting (Elaphe g. guttata) and N.pdf:application/pdf;JSTOR\: Copeia, Vol. 1985, No. 1 (Feb. 11, 1985), pp. 195-208:/home/tfaria/.mozilla/firefox/v0zin0d7.default/zotero/storage/8RFQVF7I/1444809.html:text/html}
}