
@article{joly_disentangling_1995,
	title = {Disentangling giant sperm},
	volume = {377},
	copyright = {Â© 1995 Nature Publishing Group},
	url = {http://www.nature.com/nature/journal/v377/n6546/abs/377202a0.html},
	doi = {10.1038/377202a0},
	language = {en},
	number = {6546},
	urldate = {2014-10-17},
	journal = {Nature},
	author = {Joly, D. and Bressac, C. and Lachaise, D.},
	month = sep,
	year = {1995},
	pages = {202--202},
	file = {Snapshot:/home/tfaria/.mozilla/firefox/v0zin0d7.default/zotero/storage/S5M5PPVH/377202a0.html:text/html}
}