
@article{lammps_manual,
	title = {LAMMPS Users Manual},
	url = {http://www.qft.iqfr.csic.es/docs/lammps/Manual.pdf},
	
}
