
@article{shadwick_fish_2006,
	title = {Fish Biomechanics},
	url = {http://scholarworks.umass.edu/fishpassage_books/7},
	journal = {Books},
	author = {Shadwick, R and Lauder, G.},
	month = jan,
	year = {2006},
	file = {"Fish Biomechanics" by R E. Shadwick and G V. Lauder:/home/tfaria/.mozilla/firefox/v0zin0d7.default/zotero/storage/RKP7PEWR/7.html:text/html}
}