
@article{lauga_hydrodynamics_2009,
	title = {The hydrodynamics of swimming microorganisms},
	volume = {72},
	issn = {0034-4885, 1361-6633},
	url = {http://stacks.iop.org/0034-4885/72/i=9/a=096601?key=crossref.736a5c13368e75b7395f94099aead8e4},
	doi = {10.1088/0034-4885/72/9/096601},
	number = {9},
	urldate = {2014-09-10},
	journal = {Reports on Progress in Physics},
	author = {Lauga, Eric and Powers, Thomas R},
	month = sep,
	year = {2009},
	pages = {096601},
	file = {Lauga and Powers - 2009 - The hydrodynamics of swimming microorganisms.pdf:/home/tfaria/.mozilla/firefox/v0zin0d7.default/zotero/storage/RFNZJ4VM/Lauga and Powers - 2009 - The hydrodynamics of swimming microorganisms.pdf:application/pdf}
}