
@article{mchenry_morphology_2005,
	title = {The morphology, behavior, and biomechanics of swimming in ascidian larvae},
	volume = {83},
	issn = {0008-4301, 1480-3283},
	url = {http://www.nrcresearchpress.com/doi/abs/10.1139/z04-157},
	doi = {10.1139/z04-157},
	language = {en},
	number = {1},
	urldate = {2014-09-10},
	journal = {Canadian Journal of Zoology},
	author = {McHenry, Matthew J},
	month = jan,
	year = {2005},
	pages = {62--74},
	file = {McHenry - 2005 - The morphology, behavior, and biomechanics of swim.pdf:/home/tfaria/.mozilla/firefox/v0zin0d7.default/zotero/storage/IM7C5GA8/McHenry - 2005 - The morphology, behavior, and biomechanics of swim.pdf:application/pdf}
}