
@article{gingold_smoothed_1977,
	title = {Smoothed particle hydrodynamics - Theory and application to non-spherical stars},
	volume = {181},
	issn = {0035-8711},
	url = {http://adsabs.harvard.edu/abs/1977MNRAS.181..375G},
	language = {en},
	urldate = {2014-09-19},
	journal = {Monthly Notices of the Royal Astronomical Society},
	author = {Gingold, R. A. and Monaghan, J. J.},
	month = nov,
	year = {1977},
	pages = {375--389},
	file = {Gingold and Monaghan - 1977 - Smoothed particle hydrodynamics - Theory and appli.pdf:/home/tfaria/Thesis/papers/Gingold and Monaghan - 1977 - Smoothed particle hydrodynamics - Theory and appli.pdf:application/pdf;Snapshot:/home/tfaria/.mozilla/firefox/v0zin0d7.default/zotero/storage/TRFKI77I/1977MNRAS.181..html:text/html}
}