
@article{monaghan_smoothed_2012,
	title = {Smoothed Particle Hydrodynamics and Its Diverse Applications},
	volume = {44},
	issn = {0066-4189, 1545-4479},
	url = {http://www.annualreviews.org/doi/abs/10.1146/annurev-fluid-120710-101220},
	doi = {10.1146/annurev-fluid-120710-101220},
	language = {en},
	number = {1},
	urldate = {2014-09-19},
	journal = {Annual Review of Fluid Mechanics},
	author = {Monaghan, J.J.},
	month = jan,
	year = {2012},
	pages = {323--346},
	file = {Monaghan - 2012 - Smoothed Particle Hydrodynamics and Its Diverse Ap.pdf:/home/tfaria/.mozilla/firefox/v0zin0d7.default/zotero/storage/55Q88BBA/Monaghan - 2012 - Smoothed Particle Hydrodynamics and Its Diverse Ap.pdf:application/pdf}
}