
@article{gingold_kernel_1982,
	title = {Kernel estimates as a basis for general particle methods in hydrodynamics},
	volume = {46},
	url = {http://www.sciencedirect.com/science/article/pii/0021999182900250},
	number = {3},
	urldate = {2014-09-23},
	journal = {Journal of Computational Physics},
	author = {Gingold, R. A. and Monaghan, J. J.},
	year = {1982},
	pages = {429--453},
	file = {Gingold and Monaghan - 1982 - Kernel estimates as a basis for general particle m.pdf:/home/tfaria/Thesis/papers/Gingold and Monaghan - 1982 - Kernel estimates as a basis for general particle m.pdf:application/pdf}
}