
@article{monaghan_smoothed_2005,
	title = {Smoothed particle hydrodynamics},
	volume = {68},
	issn = {0034-4885, 1361-6633},
	url = {http://stacks.iop.org/0034-4885/68/i=8/a=R01?key=crossref.c562820df517a049ca7f11d0aefe49b4},
	doi = {10.1088/0034-4885/68/8/R01},
	number = {8},
	urldate = {2014-09-19},
	journal = {Reports on Progress in Physics},
	author = {Monaghan, J J},
	month = aug,
	year = {2005},
	pages = {1703--1759},
	file = {Monaghan - 2005 - Smoothed particle hydrodynamics.pdf:/home/tfaria/.mozilla/firefox/v0zin0d7.default/zotero/storage/EUUGCDIS/Monaghan - 2005 - Smoothed particle hydrodynamics.pdf:application/pdf}
}