
@article{monaghan_refined_1985,
	title = {A refined particle method for astrophysical problems},
	volume = {149},
	issn = {0004-6361},
	url = {http://adsabs.harvard.edu/abs/1985A%26A...149..135M},
	language = {en},
	urldate = {2014-10-25},
	journal = {Astronomy and Astrophysics},
	author = {Monaghan, J. J. and Lattanzio, J. C.},
	month = aug,
	year = {1985},
	pages = {135--143},
	file = {Snapshot:/home/tfaria/.mozilla/firefox/v0zin0d7.default/zotero/storage/GW8Z8XEB/1985A&A...149..html:text/html}
}