
@article{ganzenmuller_implementation_2011,
	title = {The implementation of Smooth Particle Hydrodynamics in {LAMMPS}.},
	url = {http://www.afs.enea.it/software/lammps/doc/USER/sph/SPH_LAMMPS_userguide.pdf},
	urldate = {2014-10-17},
	author = {Ganzenm√ºller, Georg C. and Steinhauser, Martin O. and Van Liedekerke, Paul and Leuven, Katholieke Universtiteit},
	year = {2011},
	file = {SPH_LAMMPS_userguide.pdf:/home/tfaria/Thesis/lammps-swimmer-transport-wip/doc/USER/sph/SPH_LAMMPS_userguide.pdf:application/pdf}
}