
@article{neece_tait_1968,
	title = {Tait and related empirical equations of state},
	volume = {72},
	issn = {0022-3654},
	url = {http://dx.doi.org/10.1021/j100847a024},
	doi = {10.1021/j100847a024},
	number = {1},
	urldate = {2014-10-18},
	journal = {The Journal of Physical Chemistry},
	author = {Neece, George A. and Squire, David R.},
	month = jan,
	year = {1968},
	pages = {128--136},
	file = {ACS Full Text Snapshot:/home/tfaria/.mozilla/firefox/v0zin0d7.default/zotero/storage/HTGHV2Q5/j100847a024.html:text/html}
}