
@article{tytell_interactions_2010,
	title = {Interactions between internal forces, body stiffness, and fluid environment in a neuromechanical model of lamprey swimming},
	volume = {107},
	url = {http://www.pnas.org/content/107/46/19832.short},
	number = {46},
	urldate = {2014-09-10},
	journal = {Proceedings of the National Academy of Sciences},
	author = {Tytell, Eric D. and Hsu, Chia-Yu and Williams, Thelma L. and Cohen, Avis H. and Fauci, Lisa J.},
	year = {2010},
	keywords = {Hu},
	pages = {19832--19837},
	file = {Tytell et al. - 2010 - Interactions between internal forces, body stiffne.pdf:/home/tfaria/.mozilla/firefox/v0zin0d7.default/zotero/storage/B25JMKFQ/Tytell et al. - 2010 - Interactions between internal forces, body stiffne.pdf:application/pdf}
}